<?xml version="1.0" encoding="UTF-8"?><collection xmlns="http://www.loc.gov/MARC21/slim"><record><leader>00587nam--2200229-u-4500</leader><controlfield tag="001">000050475</controlfield><controlfield tag="002">20161230</controlfield><controlfield tag="003">81867</controlfield><controlfield tag="005">20161230201048</controlfield><controlfield tag="008">070403s1000------------r-----000-0-eng-d</controlfield><datafield ind1=" " ind2=" " tag="020"><subfield code="a">981-256-457-8</subfield></datafield><datafield ind1=" " ind2=" " tag="040"><subfield code="a">IFIN-HH</subfield></datafield><datafield ind1=" " ind2=" " tag="041"><subfield code="a">eng</subfield></datafield><datafield ind1=" " ind2=" " tag="080"><subfield code="a">514.133</subfield></datafield><datafield ind1="1" ind2=" " tag="100"><subfield code="a">Ungar,Abraham A</subfield></datafield><datafield ind1="1" ind2="0" tag="245"><subfield code="a">Analytic Hyperbolic Geometry. Mathematical Foundations and Applications</subfield></datafield><datafield ind1=" " ind2=" " tag="260"><subfield code="a">New Jersey</subfield><subfield code="b">World Scientific</subfield><subfield code="c">2005</subfield></datafield><datafield ind1=" " ind2=" " tag="300"><subfield code="a">462 p</subfield></datafield><datafield ind1=" " ind2=" " tag="504"><subfield code="a">Include Index</subfield></datafield><datafield ind1=" " ind2="4" tag="650"><subfield code="a">Gyrovector Spaces</subfield></datafield><datafield ind1=" " ind2=" " tag="852"><subfield code="a">81867</subfield><subfield code="c">513</subfield></datafield><datafield ind1=" " ind2=" " tag="CAT"><subfield code="a">Sys</subfield><subfield code="c">20080602</subfield><subfield code="h">131138</subfield></datafield></record></collection>